%-------------------------------------------------------------------
% No latex, as referencias sao colocadas da forma como abaixo. 
% A maneira que essas são convertidas em PDF depende somente
% do pacote e estilo usado para tal. Por padrão, usamos o pacote
% abntex2cite, com o estilo [alf], mas que fique claro que existem 
% outros estilos suportados pelo latex dentro das normas ABNT
%-------------------------------------------------------------------

%-------------------------------------------------------------------
% Uma dica, para agilizar o processo de preenchimento é procurar o
% livro; artigo; ou etc, no google scholar. Provavelmente já haverá
% um padrão de citação para TeX, e então é só copiar e colar.
%-------------------------------------------------------------------

%-------------------------------------------------------------------
% Exemplo de livro na citação
%-------------------------------------------------------------------
@book{hobsbawm1995era,
	title={Era dos extremos: o breve s{\'e}culo XX},
	author={Hobsbawm, Eric},
	year={1995},
	publisher={Editora Companhia das Letras}
}

@book{osbourne2009ozzy,
	title={I am Ozzy},
	author={Osbourne, Ozzy},
	year={2009},
	publisher={Hachette UK}
}

%-------------------------------------------------------------------
% exemplo de um artigo na citação
%-------------------------------------------------------------------

@article{siroky2009navigating,
  title={Navigating random forests and related advances in algorithmic modeling},
  author={Siroky, David S and others},
  journal={Statistics {S}urveys},
  volume={3},
  pages={147--163},
  year={2009},
  publisher={The author, under a Creative Commons Attribution License}
}

@book{hastie2015statistical,
  title={Statistical {L}earning with {S}parsity: the {LASSO} and generalizations},
  author={Hastie, Trevor and Tibshirani, Robert and Wainwright, Martin},
  year={2015},
  publisher={Chapman and Hall/CRC}
}

@article{athey2018approximate,
  title={Approximate residual balancing: debiased inference of average treatment effects in high dimensions},
  author={Athey, Susan and Imbens, Guido W and Wager, Stefan},
  journal={Journal of the {R}oyal {S}tatistical {S}ociety: {S}eries {B} ({S}tatistical {M}ethodology)},
  volume={80},
  number={4},
  pages={597--623},
  year={2018},
  publisher={Wiley Online Library}
}

@article{ikonen2016machine,
  title={Machine learning in applied econometrics: Deriving personal income drivers with randomized decision forests},
  author={Ikonen, Henri},
  year={2016}
}

@article{abadie2010synthetic,
  title={Synthetic control methods for comparative case studies: Estimating the effect of California’s tobacco control program},
  author={Abadie, Alberto and Diamond, Alexis and Hainmueller, Jens},
  journal={Journal of the {A}merican {S}tatistical {A}ssociation},
  volume={105},
  number={490},
  pages={493--505},
  year={2010},
  publisher={Taylor \& Francis}
}

@article{wager2018estimation,
  title={Estimation and inference of heterogeneous treatment effects using random forests},
  author={Wager, Stefan and Athey, Susan},
  journal={Journal of the {A}merican {S}tatistical {A}ssociation},
  volume={113},
  number={523},
  pages={1228--1242},
  year={2018},
  publisher={Taylor \& Francis}
}

@inproceedings{stijven2011separating,
  title={Separating the wheat from the chaff: on feature selection and feature importance in regression random forests and symbolic regression},
  author={Stijven, Sean and Minnebo, Wouter and Vladislavleva, Katya},
  booktitle={Proceedings of the 13th {A}nnual {C}onference {C}ompanion on {G}enetic and {E}volutionary {C}omputation},
  pages={623--630},
  year={2011},
  organization={ACM}
}

@article{cohen2007feature,
  title={Feature selection via coalitional game theory},
  author={Cohen, Shay and Dror, Gideon and Ruppin, Eytan},
  journal={Neural {C}omputation},
  volume={19},
  number={7},
  pages={1939--1961},
  year={2007},
  publisher={MIT Press}
}

@article{biau2016random,
  title={A random forest guided tour},
  author={Biau, G{\'e}rard and Scornet, Erwan},
  journal={Test},
  volume={25},
  number={2},
  pages={197--227},
  year={2016},
  publisher={Springer}
}

@techreport{gu2018empirical,
  title={Empirical asset pricing via machine learning},
  author={Gu, Shihao and Kelly, Bryan and Xiu, Dacheng},
  year={2018},
  institution={National Bureau of Economic Research}
}


@article{athey2019generalized,
  title={Generalized random forests},
  author={Athey, Susan and Tibshirani, Julie and Wager, Stefan and others},
  journal={The {A}nnals of {S}tatistics},
  volume={47},
  number={2},
  pages={1148--1178},
  year={2019},
  publisher={Institute of Mathematical Statistics}
}


@article{breiman2001random,
  title={Random forests},
  author={Breiman, Leo},
  journal={Machine {L}earning},
  volume={45},
  number={1},
  pages={5--32},
  year={2001},
  publisher={Springer}
}

@book{breiman2017classification,
  title={Classification and regression trees},
  author={Breiman, Leo},
  year={2017},
  publisher={Routledge}
}

@article{breiman1996bagging,
  title={Bagging predictors},
  author={Breiman, Leo},
  journal={Machine {L}earning},
  volume={24},
  number={2},
  pages={123--140},
  year={1996},
  publisher={Springer}
}

@Manual{tidyr,
    title = {tidyr: Tidy Messy Data},
    author = {Hadley Wickham and Lionel Henry},
    year = {2019},
    note = {R package version 1.0.0},
    url = {https://CRAN.R-project.org/package=tidyr},
  }
  
  @article{de1991distance,
  title={A distance-based attribute selection measure for decision tree induction},
  author={De M{\'a}ntaras, R L{\'o}pez},
  journal={Machine {L}earning},
  volume={6},
  number={1},
  pages={81--92},
  year={1991},
  publisher={Springer}
}

@article{battista2000reduction,
	title={Reduction of vortex-induced oscillations of Rio--Niter{\'o}i bridge by dynamic control devices},
	author={Battista, Ronaldo C and Pfeil, Mich{\`e}le S},
	journal={Journal of Wind Engineering and Industrial Aerodynamics},
	volume={84},
	number={3},
	pages={273--288},
	year={2000},
	publisher={Elsevier}
}

@article{abntexmanual,
	title={Manual de uso do pacote abntex2cite: t{\'o}picos espec{\'\i}ficos da ABNT NBR 10520: 2002 e o estilo bibliogr{\'a}fico alfab{\'e}tico (sistema autor-data.[Sl], 2012},
	author={ABNTEX, E},
	journal={Dispon{\'\i}vel e m:< http://code. google. com/p/abntex2}
}

@article{abntex2modelo,
	title={Modelo Can{\^o}nico de Trabalhos Acad{\^e}micos com abnTeX2.[Sl], 2012},
	author={ABNTEX, E},
	journal={http://code. google. com/p/abntex2/>. Citado},
	volume={2},
	pages={2}
}

@book{rudin,
  title={Principles of {M}athematical {A}nalysis},
  author={Rudin, Walter},
  volume={3},
  year={1964},
  publisher={McGraw-hill New York}
}

@book{pugh,
  title={Real {M}athematical {A}nalysis},
  author={Pugh, Charles},
  volume={2011},
  year={2002},
  publisher={Springer}
}